[gd_scene load_steps=16 format=2]

[ext_resource path="res://enemies/pickups/blood/drop.wav" type="AudioStream" id=1]
[ext_resource path="res://enemies/pickups/blood/drop.gd" type="Script" id=2]
[ext_resource path="res://enemies/pickups/blood/drop.png" type="Texture" id=3]

[sub_resource type="Animation" id=1]
resource_name = "is_degrading"
length = 3.0
tracks/0/type = "value"
tracks/0/path = NodePath(".:scale")
tracks/0/interp = 1
tracks/0/loop_wrap = true
tracks/0/imported = false
tracks/0/enabled = true
tracks/0/keys = {
"times": PoolRealArray( 0, 3 ),
"transitions": PoolRealArray( 1, 1 ),
"update": 0,
"values": [ Vector2( 1, 1 ), Vector2( 0, 0 ) ]
}
tracks/1/type = "method"
tracks/1/path = NodePath(".")
tracks/1/interp = 1
tracks/1/loop_wrap = true
tracks/1/imported = false
tracks/1/enabled = true
tracks/1/keys = {
"times": PoolRealArray( 3 ),
"transitions": PoolRealArray( 1 ),
"values": [ {
"args": [  ],
"method": "queue_free"
} ]
}

[sub_resource type="Animation" id=2]
resource_name = "was_collected"
tracks/0/type = "audio"
tracks/0/path = NodePath("AudioStreamPlayer")
tracks/0/interp = 1
tracks/0/loop_wrap = true
tracks/0/imported = false
tracks/0/enabled = true
tracks/0/keys = {
"clips": [ {
"end_offset": 0.0,
"start_offset": 0.0,
"stream": ExtResource( 1 )
} ],
"times": PoolRealArray( 0 )
}
tracks/1/type = "method"
tracks/1/path = NodePath(".")
tracks/1/interp = 1
tracks/1/loop_wrap = true
tracks/1/imported = false
tracks/1/enabled = true
tracks/1/keys = {
"times": PoolRealArray( 1 ),
"transitions": PoolRealArray( 1 ),
"values": [ {
"args": [  ],
"method": "queue_free"
} ]
}
tracks/2/type = "value"
tracks/2/path = NodePath(".:visible")
tracks/2/interp = 1
tracks/2/loop_wrap = true
tracks/2/imported = false
tracks/2/enabled = true
tracks/2/keys = {
"times": PoolRealArray( 0 ),
"transitions": PoolRealArray( 1 ),
"update": 1,
"values": [ false ]
}

[sub_resource type="CapsuleShape2D" id=3]
radius = 3.0
height = 10.0

[sub_resource type="AtlasTexture" id=4]
atlas = ExtResource( 3 )
region = Rect2( 0, 0, 16, 32 )

[sub_resource type="AtlasTexture" id=5]
atlas = ExtResource( 3 )
region = Rect2( 16, 0, 16, 32 )

[sub_resource type="AtlasTexture" id=6]
atlas = ExtResource( 3 )
region = Rect2( 32, 0, 16, 32 )

[sub_resource type="AtlasTexture" id=7]
atlas = ExtResource( 3 )
region = Rect2( 48, 0, 16, 32 )

[sub_resource type="AtlasTexture" id=8]
atlas = ExtResource( 3 )
region = Rect2( 64, 0, 16, 32 )

[sub_resource type="AtlasTexture" id=9]
atlas = ExtResource( 3 )
region = Rect2( 80, 0, 16, 32 )

[sub_resource type="AtlasTexture" id=10]
atlas = ExtResource( 3 )
region = Rect2( 96, 0, 16, 32 )

[sub_resource type="AtlasTexture" id=11]
atlas = ExtResource( 3 )
region = Rect2( 112, 0, 16, 32 )

[sub_resource type="SpriteFrames" id=12]
animations = [ {
"frames": [ SubResource( 4 ), SubResource( 5 ), SubResource( 6 ), SubResource( 7 ), SubResource( 8 ), SubResource( 9 ), SubResource( 10 ), SubResource( 11 ) ],
"loop": true,
"name": "default",
"speed": 5.0
} ]

[node name="MultiplierSigil" type="Area2D"]
script = ExtResource( 2 )

[node name="AnimationPlayer" type="AnimationPlayer" parent="."]
anims/is_degrading = SubResource( 1 )
anims/was_collected = SubResource( 2 )

[node name="AudioStreamPlayer" type="AudioStreamPlayer" parent="."]
bus = "MultiplierGrab"

[node name="CollisionShape2D" type="CollisionShape2D" parent="."]
shape = SubResource( 3 )

[node name="AnimatedSprite" type="AnimatedSprite" parent="CollisionShape2D"]
scale = Vector2( 0.5, 0.5 )
frames = SubResource( 12 )
frame = 4
playing = true
